% This file was created with JabRef 2.10.
% Encoding: Cp1257


@Article{Abido2003,
  Title                    = {A novel multiobjective evolutionary algorithm for environmental/economic power dispatch},
  Author                   = {M. A. Abido},

  Date                     = {2003},
  Journaltitle             = {Electric Power Systems Research}
}

@Article{Benders1962,
  Title                    = {Partitioning procedures for solving mixed-variables programming problems},
  Author                   = {J. F. Benders},
  Journal                  = {Numerische Mathematik},
  Year                     = {1962},
  Pages                    = {238-252},
  Volume                   = {4},

  Owner                    = {peeter.meos},
  Timestamp                = {2015.04.08}
}

@Article{Obessis1993,
  Title                    = {An emissions-constrained scheduling algorithm},
  Author                   = {E. V. M. Obessis, J. W. Lamont},

  Date                     = {1993},
  Journaltitle             = {IEEE/NTUA Athens Power Tech Conference}
}

@Book{Hillier1995,
  Title                    = {Introduction to Operations Research},
  Author                   = {Frederick S. Hillier, Gerald J. Lieberman},
  Editor                   = {Kenneth E. Case},
  Publisher                = {McGraw-Hill},
  Year                     = {1995},

  Owner                    = {peeter.meos},
  Timestamp                = {2015.04.08}
}

@Article{Gjengedal1996,
  Title                    = {Emission constrained Unit-Commitment (ECUC)},
  Author                   = {T. Gjengedal},

  Date                     = {1996},
  Journaltitle             = {IEEE Transactions on Energy Conversion}
}

@Article{Talaq1994,
  Title                    = {Minimum emission power flow},
  Author                   = {J. H. Talaq, Ferial, M. E. El-Hawary},

  Date                     = {1994},
  Journaltitle             = {IEEE Transactions on Power Systems}
}

@Book{Nodecal1999,
  Title                    = {Numerical Optimization},
  Author                   = {Jorge Nocedal, Stephen J. Wright},
  Editor                   = {Peter Glynn, Stephen M. Robinson},
  Publisher                = {Springer},
  Year                     = {1999},

  Owner                    = {peeter.meos},
  Timestamp                = {2015.04.08}
}

@Electronic{Kalvelagen2012,
  Title                    = {Two Stage Stochastic Linear Programming with GAMS},
  Author                   = {Erwin Kalvelagen},
  Url                      = {http://www.amsterdamoptimization.com/pdf/twostage.pdf},

  Owner                    = {peeter.meos},
  Timestamp                = {2015.04.08}
}

@Electronic{Kalvelagen2013,
  Title                    = {Benders' Decomposition for Stochastic Programming with GAMS},
  Author                   = {Erwin Kalvelagen},
  Url                      = {http://www.amsterdamoptimization.com/pdf/stochbenders.pdf},

  Owner                    = {peeter.meos},
  Timestamp                = {2015.04.08}
}

@Electronic{Kalvelagen2014,
  Title                    = {Benders' Decomposition with GAMS},
  Author                   = {Erwin Kalvelagen},
  Url                      = {http://www.amsterdamoptimization.com/pdf/benders.pdf},

  Owner                    = {peeter.meos},
  Timestamp                = {2015.04.08}
}

@Article{Gent1971,
  Title                    = {Minimum emission dispatch},
  Author                   = {M. R. Gent, J. W. Lamont},

  Date                     = {1971},
  Journaltitle             = {IEEE Transactions},
  Optnumber                = {PAS-90:2650–2660}
}

@Article{Muslu2004,
  Title                    = {Economic dispatch with environmental considerations: tradeoff curves and emission reduction rates},
  Author                   = {M. Muslu},

  Date                     = {2004},
  Journaltitle             = {Electric Power Systems Research}
}

@Article{Kumar1998,
  Title                    = {Environmentally constrained optimum economic dispatch},
  Author                   = {R. S. Kumar, K. C. S. Thampatty},

  Date                     = {1998},
  Journaltitle             = {Energy Management and Power Delivery, proceedings of EMPD ’98}
}

@Article{Ramanathan1994,
  Title                    = {Emission constrained economic dispatch},
  Author                   = {R. Ramanathan},

  Date                     = {1994},
  Journaltitle             = {IEEE Transactions on Power Systems}
}

@Book{Rardin2000,
  Title                    = {Optimization in Operations Research},
  Author                   = {Ronald L. Rardin},
  Editor                   = {Marcia Horton},
  Publisher                = {Prentice Hall},
  Year                     = {2000},

  Owner                    = {peeter.meos},
  Timestamp                = {2015.04.08}
}

@Article{Gjengedal1992,
  Title                    = {A qualitative approach to economic-environmental dispatch},
  Author                   = {T. Gjengedal, S. Johansen, O. Hansen},

  Date                     = {1992},
  Journaltitle             = {IEEE Transactions on Energy Conversion},
  Optnumber                = {7:367–373}
}

